<?xml version="1.0" encoding="UTF-8"?><record xmlns="http://www.loc.gov/MARC21/slim" xmlns:cinclude="http://apache.org/cocoon/include/1.0" xmlns:zs="http://www.loc.gov/zing/srw/">
  <leader>00516cz  a2200145n  4500</leader>
  <controlfield tag="001">n  82046395 </controlfield>
  <controlfield tag="003">DLC</controlfield>
  <controlfield tag="005">20011107033206.0</controlfield>
  <controlfield tag="008">820406n| acannaab           |n aaa      </controlfield>
  <datafield tag="010" ind1=" " ind2=" ">
    <subfield code="a">n  82046395 </subfield>
  </datafield>
  <datafield tag="040" ind1=" " ind2=" ">
    <subfield code="a">DLC</subfield>
    <subfield code="c">DLC</subfield>
    <subfield code="d">UPB</subfield>
    <subfield code="d">UPB</subfield>
  </datafield>
  <datafield tag="053" ind1=" " ind2="0">
    <subfield code="a">PT2666.U335</subfield>
  </datafield>
  <datafield tag="100" ind1="1" ind2=" ">
    <subfield code="a">Fues, Wolfram Malte,</subfield>
    <subfield code="d">1944-</subfield>
  </datafield>
  <datafield tag="670" ind1=" " ind2=" ">
    <subfield code="a">His Mystik als Erkenntnis? 1981:</subfield>
    <subfield code="b">t.p. (Wolfram Malte Fues) p. 4 of cover (b. 1944; wissenschaftl. Assistent, Deutsches Seminar, Univ. Basel)</subfield>
  </datafield>
  <datafield tag="670" ind1=" " ind2=" ">
    <subfield code="a">FremdkoĚrpersprachen, c2001:</subfield>
    <subfield code="b">t.p. (Wolfram Malte Fues)</subfield>
  </datafield>
</record>